<?xml version="1.0" encoding="UTF-8"?><record xmlns="http://www.loc.gov/MARC21/slim" xmlns:cinclude="http://apache.org/cocoon/include/1.0" xmlns:zs="http://www.loc.gov/zing/srw/">
  <leader>00410nz  a2200145n  4500</leader>
  <controlfield tag="001">no 00047951 </controlfield>
  <controlfield tag="003">DLC</controlfield>
  <controlfield tag="005">20000708064030.0</controlfield>
  <controlfield tag="008">000707n| acannaabn          |a aaa     c</controlfield>
  <datafield tag="010" ind1=" " ind2=" ">
    <subfield code="a">no 00047951 </subfield>
  </datafield>
  <datafield tag="035" ind1=" " ind2=" ">
    <subfield code="a">(OCoLC)oca05254384</subfield>
  </datafield>
  <datafield tag="040" ind1=" " ind2=" ">
    <subfield code="a">ICU</subfield>
    <subfield code="b">eng</subfield>
    <subfield code="c">ICU</subfield>
  </datafield>
  <datafield tag="100" ind1="1" ind2=" ">
    <subfield code="a">Domiﾌ］guez Avila, Humberto</subfield>
  </datafield>
  <datafield tag="400" ind1="1" ind2=" ">
    <subfield code="a">Avila, Humberto Domiﾌ］guez</subfield>
  </datafield>
  <datafield tag="670" ind1=" " ind2=" ">
    <subfield code="a">Cuautitlaﾌ］ Izcalli, 1999:</subfield>
    <subfield code="b">t.p. (Humberto Domiﾌ］guez Avila)</subfield>
  </datafield>
</record>